@misc{raussen,
      title={Reparametrizations of Continuous Paths}, 
      author={Martin Raussen and Ulrich Fahrenberg},
      year={2007},
      url={https://arxiv.org/abs/0706.3560}, 
      doi={10.48550/arXiv.0706.3560}
}

@misc{tuzhilin,
      title={Lectures on {H}ausdorff and {G}romov--{H}ausdorff Distance Geometry}, 
      author={Alexey A. Tuzhilin},
      year={2020},
      url={https://arxiv.org/abs/2012.00756}, 
      doi={10.48550/arXiv.2012.00756}
}